
@techreport{doe_strategy_2013,
	address = {Washington {D.C.}, United States},
	title = {Strategy for the Management and Disposal of Used Nuclear Fuel and High-Level Radioactive Waste},
	url = {http://energy.gov/downloads/strategy-management-and-disposal-used-nuclear-fuel-and-high-level-radioactive-waste},
	urldate = {2013-02-01},
	institution = {United States Department of Energy ({DOE)}},
	author = {{{DOE}}},
	month = jan,
	year = {2013},
	file = {doe_strategy_2013.pdf:/Users/khuff/Library/Application Support/Zotero/Profiles/7gmgcfkz.default/zotero/storage/AJ7GR88E/doe_strategy_2013.pdf:application/pdf;Snapshot:/Users/khuff/Library/Application Support/Zotero/Profiles/7gmgcfkz.default/zotero/storage/2E5CZB7K/strategy-management-and-disposal-used-nuclear-fuel-and-high-level-radioactive-waste.html:text/html}
},

@misc{omb_yucca_2006,
	title = {Yucca Mountain 2.jpg},
	copyright = {Creative Commons Attribution-{ShareAlike} License},
	shorttitle = {File},
	url = {http://en.wikipedia.org/wiki/File:Yucca_Mountain_2.jpg},
	language = {en},
	urldate = {2013-04-01},
	journal = {Wikipedia, the free encyclopedia},
	author = {{{OMB}}},
	month = aug,
	year = {2006},
	file = {Snapshot:/Users/khuff/Library/Application Support/Zotero/Profiles/7gmgcfkz.default/zotero/storage/5JJRRS87/FileYucca_Mountain_2.html:text/html}
},

@misc{yuccamountain.org_locations_????,
	type = {image},
	title = {Locations of Spent Nuclear Fuel and High Level Radioactive Waste Destined For Geologic Disposal},
	url = {http://www.yuccamountain.org/usamap1.gif},
	urldate = {2013-03-31},
	publisher = {yuccamountain.org},
	author = {{yuccamountain.org}}
},

@misc{peters_whats_2013,
	address = {American Nuclear Society Headquarters, La Grange Park {IL}},
	title = {What's Next for Used Nuclear Fuel and Nuclear Waste Management Policy?},
	url = {http://www.ansnuclearcafe.org/wp-content/uploads/2013/01/ANS-Local-Section-Jan-16-2013-Nuc-Waste.pdf},
	language = {English},
	urldate = {2013-03-31},
	author = {Peters, Mark},
	month = jan,
	year = {2013}
},

@misc{nei_used_????,
	title = {Used Fuel Storage and Reprocessing},
	url = {http://nuclear.duke-energy.com/2011/12/01/used-fuel-storage-and-reprocessing/},
	abstract = {This is the third part of our three part series on the nuclear fuel cycle. To read the first part on mining, converting, enriching and fabricating nuclear fuel, click here, and to read the second p...},
	urldate = {2013-04-01},
	journal = {The Nuclear Information Center},
	author = {{{NEI}}},
	howpublished = {http://nuclear.duke-energy.com/2011/12/01/used-fuel-storage-and-reprocessing/},
	file = {metric_tons.jpg:/Users/khuff/Library/Application Support/Zotero/Profiles/7gmgcfkz.default/zotero/storage/TDBHNQF8/metric_tons.jpg:image/jpeg;Snapshot:/Users/khuff/Library/Application Support/Zotero/Profiles/7gmgcfkz.default/zotero/storage/F67HQJ3K/used-fuel-storage-and-reprocessing.html:text/html}
},

@misc{essick_photographing_2012,
	title = {Photographing the Infinity Room - Timing is Everything},
	url = {http://www.peteressick.com/blog/2012/04/15/photographing-the-infinity-room-timing-is-everything/},
	urldate = {2013-03-31},
	journal = {Outside The Cubicle},
	author = {Essick, Peter},
	month = apr,
	year = {2012}
},

@misc{nrc_dry_2008,
	title = {Dry cask storage.},
	copyright = {Public domain},
	url = {http://commons.wikimedia.org/wiki/File:Nuclear_dry_storage.jpg},
	urldate = {2013-04-01},
	author = {{{NRC}}},
	month = jan,
	year = {2008},
	file = {Wikimedia Image:/Users/khuff/Library/Application Support/Zotero/Profiles/7gmgcfkz.default/zotero/storage/2G3ETIJA/Nuclear_dry_storage.jpg:image/jpeg;Wikimedia Snapshot:/Users/khuff/Library/Application Support/Zotero/Profiles/7gmgcfkz.default/zotero/storage/INM74G5C/FileNuclear_dry_storage.html:text/html}
},

@misc{doe_underground_????,
	title = {Underground tank farm with 12 of the site's 177 waste storage tanks},
	copyright = {Public domain},
	url = {http://commons.wikimedia.org/wiki/File:Hanford_tank_farm.jpg},
	urldate = {2013-04-01},
	author = {{{DOE}}},
	file = {Wikimedia Image:/Users/khuff/Library/Application Support/Zotero/Profiles/7gmgcfkz.default/zotero/storage/Z6RC6MG3/Hanford_tank_farm.jpg:image/jpeg;Wikimedia Snapshot:/Users/khuff/Library/Application Support/Zotero/Profiles/7gmgcfkz.default/zotero/storage/XR47WT5B/FileHanford_tank_farm.html:text/html}
},

@misc{nrc_nuclear-fuel.jpg_????,
	title = {Nuclear-Fuel.jpg},
	copyright = {Creative Commons Attribution-{ShareAlike} License},
	shorttitle = {File},
	url = {http://en.wikipedia.org/wiki/File:Nuclear-Fuel.jpg},
	language = {en},
	urldate = {2013-04-01},
	journal = {Wikipedia, the free encyclopedia},
	author = {{{NRC}}},
	file = {Snapshot:/Users/khuff/Library/Application Support/Zotero/Profiles/7gmgcfkz.default/zotero/storage/KU9Z3FG7/FileNuclear-Fuel.html:text/html}
},

@techreport{doe_final_2008,
	title = {Final Supplemental Environmental Impact Statement for a Geologic Repository for the Disposal of Spent Nuclear Fuel and High-Level Radioactive Waste at Yucca Mountain, Nye County, Nevada},
	url = {http://energy.gov/downloads/final-supplemental-environmental-impact-statement-geologic-repository-disposal-spent-2},
	number = {{DOE/EIS-0250F-S1}},
	urldate = {2013-04-01},
	author = {{{DOE}}},
	month = jun,
	year = {2008},
	file = {Snapshot:/Users/khuff/Library/Application Support/Zotero/Profiles/7gmgcfkz.default/zotero/storage/7RBMS949/final-supplemental-environmental-impact-statement-geologic-repository-disposal-spent-2.html:text/html}
},

@misc{doe_spent_????,
	title = {Spent fuel pool at a nuclear power plant. http://www.ocrwm.doe.gov/curriculum/unit1/lesson3reading.shtml},
	copyright = {Creative Commons Attribution-{ShareAlike} License},
	shorttitle = {Fuel pool.jpg},
	url = {https://en.wikipedia.org/wiki/File:Fuel_pool.jpg#file},
	language = {en},
	urldate = {2013-04-01},
	journal = {Wikipedia, the free encyclopedia},
	author = {{{DOE}}},
	file = {Snapshot:/Users/khuff/Library/Application Support/Zotero/Profiles/7gmgcfkz.default/zotero/storage/QNZ9XZ59/FileFuel_pool.html:text/html}
},

@techreport{nrc_backgrounder_2011,
	title = {Backgrounder on Radioactive Waste},
	url = {http://www.nrc.gov/reading-rm/doc-collections/fact-sheets/radwaste.html},
	institution = {Nuclear Regulatory Commission},
	author = {{{NRC}}},
	month = feb,
	year = {2011}
}